@book{LibroGobstones,
  author = {Martínez López, Pablo E.},
  title = {Las bases conceptuales de la Programación: Una nueva forma de aprender a programar},
  year = {2013},
  isbn = {978-987-33-4081-9},
  address = {EBook, La Plata, Buenos Aires, Argentina},
  url = {http://www.gobstones.org/bibliografia/Libros/BasesConceptualesProg.pdf}
}

@article{PaperMumuki,
 author = {Aloi, Federico and Bulgarelli, Franco and Spigariol, Lucas},
 title= {Mumuki, una plataforma libre para aprender a programar},
 year = {2015},
 url = {https://www.academia.edu/25374997/Mumuki_una_plataforma_libre_para_aprender_a_programar}
}

@article{MumukiGobstonesAloi,
 author = {Aloi, Federico},
 title= {Implementación de un runner de Gobstones para la plataforma Mumuki},
 year = {2015},
 url = {https://github.com/faloi/tip-mumuki-gobstones/releases/download/v1.1/TIP-Aloi-RunnerGobstonesMumuki.pdf}
}


@misc{Sadosky,
  title = {Una propuesta para refundar la enseñanza de la computación en las escuelas Argentinas},
  author = {Fundación Sadosky},
  year = {2013},
  url = {http://www.fundacionsadosky.org.ar/wp-content/uploads/2014/06/cc-2016.pdf}
}

